@article{hordosy2022future,
	title={The future of the research and teaching nexus in a post-pandemic world},
	author={Hordósy, Rita and McLean, Monica},
	journal={Educational Review},
	volume={74},
	number={3},
	pages={378--401},
	year={2022},
	publisher={Informa UK Limited},
	doi={10.1080/00131911.2021.2014786},
	url={https://doi.org/10.1080/00131911.2021.2014786}
}


@article{wang2023impact,
	title={Research into the impact of an imbalanced teaching-academic research evaluation system on the quality of higher education},
	author={Wang, X. and Zhang, Y. and Du, L.},
	journal={Frontiers in Education},
	volume={9},
	pages={1348452},
	year={2023},
	doi={10.3389/feduc.2023.1348452},
	url={https://www.frontiersin.org/articles/10.3389/feduc.2023.1348452/full}
}

@article{maisano2023empirical,
	title={Empirical evidence on the relationship between research and teaching in academia},
	author={Maisano, Domenico A. and Mastrogiacomo, Luca and Franceschini, Fiorenzo},
	journal={Scientometrics},
	volume={128},
	number={10},
	pages={4475--4507},
	year={2023},
	publisher={Springer},
	doi={10.1007/s11192-023-04770-x},
	url={https://doi.org/10.1007/s11192-023-04770-x}
}

@article{Coccorese2024,
	author = {Coccorese, Paolo and Dell'Anno, Roberto and Restaino, Marialuisa},
	title = {Are outstanding researchers also top teachers? Exploring the link between research quality and teaching quality},
	journal = {Socio-Economic Planning Sciences},
	year = {2024},
	volume = {96},
	pages = {102098},
	doi = {10.1016/j.seps.2024.102098},
	url = {https://doi.org/10.1016/j.seps.2024.102098},
}

@article{ni2023research,
	title={Research or teaching? That is the problem: A narrative inquiry into a Chinese college English teacher’s cognitive development in the teaching-research nexus},
	author={Ni, H and Wu, X},
	journal={Frontiers in Psychology},
	volume={14},
	pages={1018122},
	year={2023},
	publisher={Frontiers},
	doi={10.3389/fpsyg.2023.1018122},
	url={https://doi.org/10.3389/fpsyg.2023.1018122}
}


@article{feng2025teaching,
	author    = {Rui Feng and Junjie Wu and Yunhui Xie},
	title     = {Does teaching-research conflict affect research performance? The role of research stress, engagement, and job insecurity},
	journal   = {Cogent Education},
	volume    = {12},
	number    = {1},
	pages     = {2457907},
	year      = {2025},
	doi       = {10.1080/2331186X.2025.2457907},
	url       = {https://doi.org/10.1080/2331186X.2025.2457907},
	note      = {Accessed: 2025-03-30}
}


@misc{dandridge2023relationship,
	author = {Nicola Dandridge},
	title = {The relationship between teaching and research in UK universities - what is it and does it matter?},
	year = {2023},
	publisher = {Higher Education Policy Institute (HEPI)},
	url = {https://www.hepi.ac.uk},
	note = {HEPI Report 162},
	howpublished = {\url{https://www.hepi.ac.uk}}
}


@article{nehme2022nexus,
	title={The Nexus Between Teaching and Research: Easier Said Than Done},
	author={Nehme, Marina},
	journal={Legal Education Review},
	volume={22},
	pages={241--260},
	year={2022},
	publisher={Legal Education Review},
	url={https://www.tandfonline.com/doi/full/10.1080/10355303.2022.2009029},
}


@article{georgiou2023turning,
	title={Turning research evidence into teaching action: Teacher educators’ attitudes toward evidence-based teaching},
	author={Georgiou, Despoina and Diery, Annika and Mok, Sog Yee and Fischer, Frank and Seidel, Tina},
	journal={International Journal of Educational Research Open},
	volume={4},
	pages={100240},
	year={2023},
	publisher={Elsevier},
	doi={10.1016/j.ijedro.2023.100240}
}

@article{diery2020evidence,
	title={Evidence-Based Practice in Higher Education: Teacher Educators’ Attitudes, Challenges, and Uses},
	author={Diery, Annika and Vogel, Freydis and Knogler, Maximilian and Seidel, Tina},
	journal={Frontiers in Education},
	volume={5},
	pages={62},
	year={2020},
	doi={10.3389/feduc.2020.00062},
	url={https://doi.org/10.3389/feduc.2020.00062},
	publisher={Frontiers Media},
}

@article{Himanka2024,
	author = {Juha Himanka},
	title = {Modelling the connection between teaching, research and learning},
	journal = {European Journal of Higher Education},
	volume = {14},
	number = {1},
	year = {2024},
	pages = {1--15},
	doi = {10.1080/21568235.2024.2306939},
	url = {https://doi.org/10.1080/21568235.2024.2306939}
}

@article{lu2008experiment,
	title={An experiment of research-oriented teaching/learning in China},
	author={Dexin Lu and Dong Ruan and Wang Xu and Nianle Wu and Minwen Xiao and Yu An},
	journal={Physics and Engineering},
	volume={16},
	number={7},
	year={2008},
	pages={1-15},
	note={Published in China Higher Education and Springer-Verlag},
	abstract={The paper discusses a research-oriented teaching experiment conducted at Nanjing University and Tsinghua University, China, focusing on integrating teaching and case analysis, using open resources, and fostering interactive teaching methods. The research explores the effects of research-based learning and teaching on students' academic performance, fostering their critical thinking, creativity, and future research capabilities.}
}

@article{dandridge2022relationship,
	title={The relationship between teaching and research in UK universities - what is it and does it matter?},
	author={Dandridge, Nicola},
	journal={Higher Education Policy Institute},
	year={2022},
	url={https://www.hepi.ac.uk},
	note={HEPI Report 162}
}

@article{hattie1996relationship,
	title={The Relationship Between Research and Teaching: A Meta-Analysis},
	author={Hattie, John and Marsh, H. W.},
	journal={Review of Educational Research},
	volume={66},
	number={4},
	pages={507--542},
	year={1996},
	publisher={SAGE Publications},
	doi={10.3102/00346543066004507},
	url={http://rer.sagepub.com/content/66/4/507},
}

@article{DiPardo2006,
	author = {Anne DiPardo and Anne Whitney and Cathy Fleischer and Tara Star Johnson and John Mayher and Nancy McCracken and Janet Miller and Patricia Lambert Stock and Don Zancanella and Leah Zuidema},
	title = {Understanding the Relationship between Research and Teaching},
	journal = {English Education},
	volume = {38},
	number = {4},
	year = {2006},
	pages = {295--311},
	url = {https://www.ncte.org/resources/english-education/}
}





@article{granger1969investigating,
	title={Investigating causal relations by econometric models and cross-spectral methods},
	author={Granger, Clive W.J.},
	journal={Econometrica},
	volume={37},
	number={3},
	pages={424--438},
	year={1969},
	publisher={Wiley},
	doi={10.2307/1912791}
}

@article{mann1947test,
	title={On a test of whether one of two random variables is stochastically larger than the other},
	author={Mann, Henry B. and Whitney, Donald R.},
	journal={The Annals of Mathematical Statistics},
	volume={18},
	number={1},
	pages={50--60},
	year={1947},
	publisher={Institute of Mathematical Statistics},
	doi={10.1214/aoms/1177730491}
}


@misc{ONeil_2020,
	title={World University Rankings: Investigate the best universities in the world},
	url={https://www.kaggle.com/datasets/mylesoneill/world-university-rankings},
	journal={Kaggle},
	publisher={Kaggle},
	author={O'Neill, Myles},
	year={2020}
}

@article{spearman1904general,
	title={{``General Intelligence,'' Objectively Determined and Measured}},
	author={Spearman, Charles},
	journal={The American Journal of Psychology},
	volume={15},
	number={2},
	pages={201--292},
	year={1904},
	publisher={University of Illinois Press},
	doi={10.2307/1412107},
	url={https://www.jstor.org/stable/1412107}
}

@article{hashim2021higher,
	author = {Hashim, M. A. M. and Tlemsani, I. and Matthews, R.},
	title = {Higher education strategy in digital transformation},
	journal = {Education and Information Technologies},
	volume = {26},
	pages = {6105--6134},
	year = {2021},
	doi = {10.1007/s10639-021-10739-1},
	url = {https://doi.org/10.1007/s10639-021-10739-1}
}

@article{rahmadi2024research,
	author = {Rahmadi, I. F.},
	title = {Research on digital transformation in higher education: Present concerns and future endeavours},
	journal = {TechTrends},
	volume = {68},
	pages = {647--660},
	year = {2024},
	doi = {10.1007/s11528-024-00971-0},
	url = {https://doi.org/10.1007/s11528-024-00971-0}
}

@article{fernandez2023digital,
	author = {Fernández, A. and Gómez, B. and Binjaku, K. and Meçe, E. K.},
	title = {Digital transformation initiatives in higher education institutions: A multivocal literature review},
	journal = {Education and Information Technologies},
	volume = {28},
	pages = {12351--12382},
	year = {2023},
	doi = {10.1007/s10639-022-11544-0},
	url = {https://doi.org/10.1007/s10639-022-11544-0}
}

@incollection{bianchi2023it,
	author = {Bianchi, I. and Shurenov, N. and Tovma, N. and Maslova, I. and Shansharkhanov, A.},
	title = {IT governance mechanisms to foster digital transformation in higher education institutions},
	booktitle = {Digital Technologies and Transformation in Business, Industry and Organizations},
	pages = {79--99},
	year = {2023},
	publisher = {Springer},
	doi = {10.1007/978-3-031-40710-9_5},
	url = {https://doi.org/10.1007/978-3-031-40710-9_5}
}


@inproceedings{times2022rankings,
	title={Times Higher Education Rankings Analysis for Enhancing University Performance Using Multi-Criteria Decision Making},
	author={Zhou, Yinghui and Abe, Yasuhiro and Asano, Atsushi},
	booktitle={2024 IEEE 17th International Symposium on Embedded Multicore/Many-core Systems-on-Chip (MCSoC)},
	pages={117--121},
	year={2024},
	organization={IEEE},
	doi = {10.1109/MCSoC64144.2024.00030},
	url = {https://doi.org/10.1109/MCSoC64144.2024.00030}
	
}


@misc{times2023methodology,
	title = {Methodology for overall and subject rankings for the Times Higher Education World University Rankings 2025},
	year = {2023},
	note = {Retrieved from \url{https://www.timeshighereducation.com/sites/default/files/breaking_news_files/the_2025_world_university_rankings_methodology.pdf}}
}

@article{drechsler2018framework,
	author = {Drechsler, Andreas and Weißschädel, Stefan},
	title = {An IT Strategy Development Framework for Small and Medium Enterprises},
	journal = {Information Systems and e-Business Management},
	volume = {16},
	number = {4},
	pages = {775--798},
	year = {2018},
	doi = {10.1007/s10257-017-0342-2},
	url = {https://doi.org/10.1007/s10257-017-0342-2}
}

@article{uslu2020university,
	author = {Uslu, Burhan},
	title = {A comprehensive analysis of factors influencing international university rankings},
	journal = {Higher Education},
	volume = {79},
	number = {5},
	pages = {723--740},
	year = {2020},
	doi = {10.1007/s10734-020-00527-0},
	url = {https://doi.org/10.1007/s10734-020-00527-0}
}

@article{analytics2022competitiveness,
	title={A data analytics approach for university competitiveness: the QS world university rankings},
	author={Estrada-Real, Ana Carmen and Cantu-Ortiz, Francisco J},
	journal={International Journal on Interactive Design and Manufacturing (IJIDeM)},
	volume={16},
	number={3},
	pages={871--891},
	year={2022},
	publisher={Springer},
	doi = {10.1007/s12008-022-00966-2},
	url = {https://doi.org/10.1007/s12008-022-00966-2}
}

@article{digitalsystems2022strategy,
	author = {Dang, Duong  and Vartiainen, Tero},
	title = {Digital Strategy in Information Systems: A Literature Review and an Integrative Framework},
	journal = {Journal of Information Systems Education},
	volume = {33},
	number = {3},
	pages = {261--282},
	year = {2022},
	url = {https://jise.org/volume33/n3/JISE2022v33n3pp261-282.pdf}
}

@article{adama2024alignment,
	author = {Adama, Henry Ejiga and Popoola, Oladapo Adeboye and Okeke, Chukwuekem David and Akinoso, Abiodun Emmanuel},
	title = {Theoretical Frameworks Supporting IT and Business Strategy Alignment for Sustained Competitive Advantage},
	journal = {International Journal of Management \& Entrepreneurship Research},
	volume = {6},
	number = {1},
	pages = {33--48},
	year = {2024},
	doi = {10.1234/ijmer.2024.1058},
	url = {https://doi.org/10.51594/ijmer.v6i4.1058}
}

@article{putra2022trends,
	title={Trends in IT Strategy Implementation: A Systematic Review Across Education and Industry (2000-2022).},
	author={Dear, Varuliantor and Dedi, Nandang and Mardiani, Annis Siradj and Nugroho, Heru},
	journal={Ing{\'e}nierie des Syst{\`e}mes d'Information},
	volume={28},
	number={6},
	year={2023},
	doi = {10.18280/ijsse.120622},
	url={https://doi.org/10.18280/isi.280622}
}

@misc{the2024,
	title={World University Rankings},
	author={Time Higher Education},
	year={2025},
	howpublished = {\url{https://www.timeshighereducation.com/world-university-rankings}},
	note={Accessed 10 January 2025}
}


@inproceedings{dasilva2014cobit,
	title={IT Governance Frameworks and COBIT-A Literature Review.},
	author={Mangalaraj, George and Singh, Anil and Taneja, Aakash},
	booktitle={AMCIS},
	year={2014},
	url = {https://core.ac.uk/download/pdf/301361993.pdf}
}

@article{dehaes2009governance,
	author = {De Haes, Steven and Van Grembergen, Wim},
	title = {IT Strategy and Governance: Frameworks and Best Practices},
	journal = {ISACA Journal},
	year = {2009},
	volume = {2},
	pages = {22--27},
	url = {https://www.isaca.org/resources/isaca-journal/issues}
}

@inproceedings{elalami2021digital,
	title={IT management and governance framework for formulating a digital transformation strategy},
	author={Korachi, Zineb and Bounabat, Bouchaib},
	booktitle={International conference on advanced intelligent systems for sustainable development},
	pages={475--498},
	year={2020},
	organization={Springer},
	doi = {10.1007/978-3-030-90639-9_39},
	url = {https://link.springer.com/chapter/10.1007/978-3-030-90639-9_39}
}

